<?xml version="1.0" encoding="UTF-8"?><collection xmlns="http://www.loc.gov/MARC21/slim"><record><leader>00426nam--2200121-i-4500</leader><controlfield tag="001">000023155</controlfield><controlfield tag="002">20161230</controlfield><controlfield tag="005">20161230201034</controlfield><controlfield tag="008">060222s1000------------r-----000-0-eng-d</controlfield><datafield ind1=" " ind2=" " tag="080"><subfield code="a">614.876:621.039.538</subfield></datafield><datafield ind1=" " ind2=" " tag="245"><subfield code="a">Informationstagung uber die sicherheit von kernkraftwerken und die probleme der radioaktivitat.4.bis 6 november 1970 in bern</subfield></datafield><datafield ind1=" " ind2=" " tag="260"><subfield code="a">Zurich, Schweizerische Vereinigung Fur Atomenergie (Sva). 65p</subfield></datafield><datafield ind1=" " ind2=" " tag="852"><subfield code="a">35849</subfield></datafield></record></collection>